<?xml version="1.0" encoding="UTF-8"?><collection xmlns="http://www.loc.gov/MARC21/slim"><record><leader>00464nam--2200133-i-4500</leader><controlfield tag="001">000031313</controlfield><controlfield tag="002">20161230</controlfield><controlfield tag="005">20161230201038</controlfield><controlfield tag="008">060222s1000------------r-----000-0-eng-d</controlfield><datafield ind1=" " ind2=" " tag="080"><subfield code="a">621.186.85</subfield></datafield><datafield ind1=" " ind2=" " tag="100"><subfield code="a">Melentiev, L.A</subfield></datafield><datafield ind1=" " ind2=" " tag="245"><subfield code="a">Termoficarea.bazele teoretice ale constructiei si exploatarii sistemelor de termoficare.traducere din limba rusa numai pentru uz intern si documentare</subfield></datafield><datafield ind1=" " ind2=" " tag="260"><subfield code="a">Bucuresti, Edit.Energetica De Stat, 1953. 218[-220]P</subfield></datafield><datafield ind1=" " ind2=" " tag="852"><subfield code="a">3028</subfield></datafield></record></collection>